@article{filizy2005auctions,
  title={Auctions with Anticipated Regret¤},
  author={Filizy, Emel and Ozbayz, Erkut Yusuf},
  year={2005}
}
@inproceedings{dong2014double,
  title={Double auctions for dynamic spectrum allocation},
  author={Dong, Wei and Rallapalli, Swati and Qiu, Lili and Ramakrishnan, KK and Zhang, Yin},
  booktitle={IEEE INFOCOM 2014-IEEE Conference on Computer Communications},
  pages={709--717},
  year={2014},
  organization={IEEE}
}
@article{du2016bilateral,
  title={Bilateral Trading in Divisible Double Auctions},
  author={Du, Songzi and Zhu, Haoxiang},
  journal={Available at SSRN 2794813},
  year={2016}
}
@article{bell1982regret,
  title={Regret in decision making under uncertainty},
  author={Bell, David E},
  journal={Operations research},
  volume={30},
  number={5},
  pages={961--981},
  year={1982},
  publisher={INFORMS}
}
@article{gjerstad1998price,
  title={Price formation in double auctions},
  author={Gjerstad, Steven and Dickhaut, John},
  journal={Games and economic behavior},
  volume={22},
  number={1},
  pages={1--29},
  year={1998},
  publisher={Elsevier}
}