@article{howard1972risk,
title = {Risk-Sensitive Markov Decision Processes},
author = {Howard, Ronald A. and Matheson, James E.},
year = {1972},
journal = {Management Science},
volume = {18},
number = {7},
pages = {356-369},

}

@article{puterman1990market,
  title={Market Decision Process},
  author={Puterman, Martin L},
  journal={Chapter},
  volume={8},
  pages={5--1},
  year={1990}
}
@inproceedings{liu2005risk,
  title={Risk-sensitive planning with one-switch utility functions: Value iteration},
  author={Liu, Yaxin and Koenig, Sven},
  booktitle={AAAI},
  pages={993--999},
  year={2005}
}
@inproceedings{kumar2015finite,
  title={Finite horizon risk sensitive MDP and linear programming},
  author={Kumar, Atul and Kavitha, Veeraruna and Hemachandra, N},
  booktitle={2015 54th IEEE Conference on Decision and Control (CDC)},
  pages={7826--7831},
  year={2015},
  organization={IEEE}
}
@article{gosavi2006risk,
  title={A risk-sensitive approach to total productive maintenance},
  author={Gosavi, Abhijit},
  journal={Automatica},
  volume={42},
  number={8},
  pages={1321--1330},
  year={2006},
  publisher={Elsevier}
}
@article{scarf1959optimality,
  title={The optimality of (S, s) policies in the dynamic inventory problem},
  author={Scarf, Herbert},
  journal = {Mathematical Methods in the Social Sciences},
  year={1959}
}
@article{filar1989variance,
  title={Variance-penalized Markov decision processes},
  author={Filar, Jerzy A and Kallenberg, Lodewijk CM and Lee, Huey-Miin},
  journal={Mathematics of Operations Research},
  volume={14},
  number={1},
  pages={147--161},
  year={1989},
  publisher={INFORMS}
}
@article{mannor2011mean,
  title={Mean-variance optimization in Markov decision processes},
  author={Mannor, Shie and Tsitsiklis, John},
  journal={arXiv preprint arXiv:1104.5601},
  year={2011}
}